@article{ref:scikit,
    title={Scikit-learn: Machine learning in Python},
    author={Pedregosa, Fabian and Varoquaux, Ga{\"e}l and Gramfort, Alexandre and Michel, Vincent and Thirion, Bertrand and Grisel, Olivier and Blondel, Mathieu and Prettenhofer, Peter and Weiss, Ron and Dubourg, Vincent and others},
    journal={Journal of machine learning research},
    volume={12},
    number={Oct},
    pages={2825--2830},
    year={2011}
}

@article{ref:cellranger,
  title={Massively parallel digital transcriptional profiling of single cells},
  author={Zheng, Grace XY and Terry, Jessica M and Belgrader, Phillip and Ryvkin, Paul and Bent, Zachary W and Wilson, Ryan and Ziraldo, Solongo B and Wheeler, Tobias D and McDermott, Geoff P and Zhu, Junjie and others},
  journal={Nature communications},
  volume={8},
  pages={14049},
  year={2017},
  publisher={Nature Publishing Group}
}

@article{ref:seurat1,
    title={Integrating single-cell transcriptomic data across different conditions, technologies, and species},
    author={Butler, Andrew and Hoffman, Paul and Smibert, Peter and Papalexi, Efthymia and Satija, Rahul},
    journal={Nature biotechnology},
    volume={36},
    number={5},
    pages={411},
    year={2018},
    publisher={Nature Publishing Group}
}

@article{ref:seurat2,
    title={Comprehensive Integration of Single-Cell Data},
    author={Stuart, Tim and Butler, Andrew and Hoffman, Paul and Hafemeister, Christoph and Papalexi, Efthymia and Mauck III, William M and Hao, Yuhan and Stoeckius, Marlon and Smibert, Peter and Satija, Rahul},
    journal={Cell},
    year={2019},
    publisher={Elsevier}
}